% This file was created with JabRef 2.10b2.
% Encoding: UTF-8


@Book{gelman_bayesian_2003,
  Title                    = {Bayesian Data Analysis, Second Edition},
  Author                   = {Gelman, Andrew and Carlin, John B. and Stern, Hal S. and Rubin, Donald B.},
  Publisher                = {Chapman \& Hall},
  Year                     = {2003},
  Edition                  = {2},
  Month                    = jul,

  ISBN                     = {{158488388X}}
}

@Book{pinheiro_mixed-effects_2000,
  Title                    = {Mixed-effects models in S and {S-PLUS}},
  Author                   = {Pinheiro, Jos{\textbackslash}'{e} C. and Bates, Douglas M.},
  Publisher                = {Springer},
  Year                     = {2000},

  ISBN                     = {0387989579, 9780387989570}
}

@article{Berryhill_2010,
      author        = "Berryhill, Jeffrey and Daskalakis, Georgios and Halyo, Valerie, and Werner, Jeremy and Xie, Si",
      title         = "Electron Efficiency Measurements with 2.88 pb$^{-1}$ of pp Collision Data at $\sqrt{s}=7$ TeV",
      month         = "Nov",
      year          = {2010}
}
@article{AN111-2009,
      author        = "N. Adam, J. Berryhill, V. Halyo, A. Hunt, K. Mishra",
      title         = "Generic Tag and Probe Tool for Measuring Efficiency at CMS with Early Data",
      month         = "June",
      year          = {2009}
}      

@article{Lansberg:2006dh,
    author = "Lansberg, J. P.",
    title = "{$J/\psi$, $\psi$ ' and $\Upsilon$ production at hadron colliders: A Review}",
    eprint = "hep-ph/0602091",
    archivePrefix = "arXiv",
    doi = "10.1142/S0217751X06033180",
    journal = "Int. J. Mod. Phys. A",
    volume = "21",
    pages = "3857--3916",
    year = "2006"
}
@article{LHCb:2013itw,
    author = "Aaij, R and others",
    collaboration = "LHCb",
    title = "{Production of J/psi and Upsilon mesons in pp collisions at sqrt(s) = 8 TeV}",
    eprint = "1304.6977",
    archivePrefix = "arXiv",
    primaryClass = "hep-ex",
    reportNumber = "CERN-PH-EP-2013-071, LHCB-PAPER-2013-016",
    doi = "10.1007/JHEP06(2013)064",
    journal = "JHEP",
    volume = "06",
    pages = "064",
    year = "2013"

}
@online{muMediumID,
author = {{Cristina Botta, Giovanni Petrucciani}},
title = {Proposal of a new “Medium” Muon Id},
url = {https://indico.cern.ch/event/357213/contributions/1769745/attachments/710701/975626/muonid-pog081214.pdf},
organization = {CMS},
date = {2014-08-12},
urldate = {2014-08-12}
}
@online{eTightID,
author = { Kati Lassila Perini},
title = { Electron Identification Based on Simple Cuts },
url = {https://twiki.cern.ch/twiki/bin/view/CMSPublic/EgammaPublicData},
organization = {CMS},
date = {2016-04-22},
urldate = {2016-04-22}
}
@online{murun2baseline,
author = {Sergio Sanchez Cruz},
title = { Baseline muon selections for Run-II },
url = {https://twiki.cern.ch/twiki/bin/view/CMS/SWGuideMuonIdRun2#Particle_Flow_isolation},
organization = {CMS},
date = {2022-01-19},
urldate = {2022-01-19}
}
@online{miniIso,
author = {Adam Dishaw, Jack Bradmiller-Feld, Manuel Franco Sevilla,
Ana Ovcharova, Jeff Richman},
title = {Alternatives to Standard Isolation for 13 TeV},
url = {https://indico.cern.ch/event/368826/contributions/871862/attachments/733500/1006397/20150127_ald_susy_iso.pdf},
organization = {CMS},
date = {2015-01-27},
urldate = {2015-01-27}
}
